@techreport{amos2016openface,
  title={OpenFace: A general-purpose face recognition
    library with mobile applications},
  author={Amos, Brandon and Bartosz Ludwiczuk and Satyanarayanan, Mahadev},
  year={2016},
  institution={CMU-CS-16-118, CMU School of Computer Science},
}
