@misc{highcourtau,
  title = {Recent AV recordings},
  url = {http://www.hcourt.gov.au/cases/recent-av-recordings},
  year = {2019},
  note = {Accessed: 2019-05-03},
  author = {High Court of Australia}
}

@book{judicalguid,
  author = {The Council of Chief Justices of Australia and New Zealand},
  title = {Guide to Judicial Conduct},
  year = {2017},
  edition = {3rd},
  publisher = {Melbourne: Austral-asian Institute of Judicial Administration},
}
The Council of Chief Justices of Australia and New Zealand.2017.Guide to Judicial Conduct. 3rd ed. Melbourne: Austral-asian Institute of Judicial Administration.

@article{tutton2018judicial,
  title={Judicial Demeanor: Oral Argument in the High Court of Australia},
  author={Tutton, Jordan and Mack, Kathy and Roach Anleu, Sharyn},
  journal={Justice System Journal},
  volume={39},
  number={3},
  pages={273--299},
  year={2018},
  publisher={Taylor \& Francis}
}

@article{goffman1956nature,
  title={The nature of deference and demeanor},
  author={Goffman, Erving},
  journal={American Anthropologist},
  volume={58},
  number={3},
  pages={473--502},
  year={1956},
  publisher={Wiley Online Library}
}

@article{ekman1991invited,
  title={Invited article: Face, voice, and body in detecting deceit},
  author={Ekman, Paul and O'Sullivan, Maureen and Friesen, Wallace V and Scherer, Klaus R},
  journal={Journal of nonverbal behavior},
  volume={15},
  number={2},
  pages={125--135},
  year={1991},
  publisher={Springer}
}

@techreport{chen2018justice,
  title={Is Justice Really Blind? And Is It Also Deaf},
  author={Chen, Daniel L and Kumar, Manoj and Motwani, Vishal and Yeres, Philip},
  year={2018},
  institution={Technical report}
}


@article{epstein2010inferring,
  title={Inferring the winning party in the Supreme Court from the pattern of questioning at oral argument},
  author={Epstein, Lee and Landes, William M and Posner, Richard A},
  journal={The Journal of Legal Studies},
  volume={39},
  number={2},
  pages={433--467},
  year={2010},
  publisher={University of Chicago Press Chicago, IL}
}

@article{chen2016perceived,
  title={Perceived masculinity predicts us supreme court outcomes},
  author={Chen, Daniel and Halberstam, Yosh and Alan, CL},
  journal={PloS one},
  volume={11},
  number={10},
  pages={e0164324},
  year={2016},
  publisher={Public Library of Science}
}

@article{chen2017covering,
  title={Covering: Mutable characteristics and perceptions of voice in the US Supreme Court},
  author={Chen, Daniel and Halberstam, Yosh and Yu, Alan and others},
  journal={Review of Economic Studies invited to resubmit, TSE Working Paper},
  number={16-680},
  year={2017}
}

@article{schubert1992observing,
  title={Observing Supreme Court oral argument: A biosocial approach},
  author={Schubert, James N and Peterson, Steven A and Schubert, Glendon and Wasby, Stephen},
  journal={Politics and the Life Sciences},
  volume={11},
  number={1},
  pages={35--52},
  year={1992},
  publisher={Cambridge University Press}
}

@article{dietrich2019emotional,
  title={Emotional arousal predicts voting on the US supreme court},
  author={Dietrich, Bryce J and Enos, Ryan D and Sen, Maya},
  journal={Political Analysis},
  volume={27},
  number={2},
  pages={237--243},
  year={2019},
  publisher={Cambridge University Press}
}

@article{black2011emotions,
  title={Emotions, oral arguments, and Supreme Court decision making},
  author={Black, Ryan C and Treul, Sarah A and Johnson, Timothy R and Goldman, Jerry},
  journal={The Journal of Politics},
  volume={73},
  number={2},
  pages={572--581},
  year={2011},
  publisher={Cambridge University Press New York, USA}
}

@article{Shullman2004illusion,
  title={The illusion of devil's advocacy: How the justices of the supreme court foreshadow their decisions during oral argument},
  author={Shullman, S. L.},
  journal={Journal of Appellate Practice and Process 2},
  volume={271},
  number={6},
  year={2004}
}

@article{johnson2009inquiring,
  title={Inquiring minds want to know: Do justices tip their hands with questions at oral argument in the US supreme court},
  author={Johnson, Timothy R and Black, Ryan C and Goldman, Jerry and Treul, Sarah A},
  journal={Washington University Journal of Law and Policy},
  volume={29},
  pages={241},
  year={2009},
  publisher={HeinOnline}
}

@article{Kennedy1983,
  title={Interruptions and nonverbal gender differences},
  author={Kennedy, Carol W and Camden, Carl},
  journal={Journal of Nonverbal Behavior},
  volume={8},
  number={2},
  pages={91--108},
  year={1983},
  publisher={Springer}
}


@article{epstein2010inferring,
  title={Inferring the winning party in the Supreme Court from the pattern of questioning at oral argument},
  author={Epstein, Lee and Landes, William M and Posner, Richard A},
  journal={The Journal of Legal Studies},
  volume={39},
  number={2},
  pages={433--467},
  year={2010},
  publisher={University of Chicago Press Chicago, IL}
}

@article{chen2016perceived,
  title={Perceived masculinity predicts us supreme court outcomes},
  author={Chen, Daniel and Halberstam, Yosh and Alan, CL},
  journal={PloS one},
  volume={11},
  number={10},
  pages={e0164324},
  year={2016},
  publisher={Public Library of Science}
}

@article{ekman1976measuring,
  title={Measuring facial movement},
  author={Ekman, Paul and Friesen, Wallace V},
  journal={Environmental psychology and nonverbal behavior},
  volume={1},
  number={1},
  pages={56--75},
  year={1976},
  publisher={Springer}
}

@article{ekman2002facial,
  title={Facial action coding system: The manual on CD ROM},
  author={Ekman, Paul and Friesen, Wallace V and Hager, Joseph C},
  journal={A Human Face, Salt Lake City},
  pages={77--254},
  year={2002}
}

@book{ekman1978,
  author    = {Ekman, Paul and riesen, Wallace V},
  title     = {Facial action coding system},
  publisher = {CA: Consulting Psychologists Press},
  year      = 1978,
  address   = {Palo Alto},

}

@inproceedings{kovalchik2018going,
  title={Going inside the inner game: Predicting the emotions of professional tennis players from match broadcasts},
  author={Kovalchik, Stephanie and Reid, Machar},
  year={2018},
  organization={MIT Sloan Sports Analytics Conference. Accessible at http://www~â€¦}
}

@inproceedings{dhall2013emotion,
  title={Emotion recognition in the wild challenge 2013},
  author={Dhall, Abhinav and Goecke, Roland and Joshi, Jyoti and Wagner, Michael and Gedeon, Tom},
  booktitle={Proceedings of the 15th ACM on International conference on multimodal interaction},
  pages={509--516},
  year={2013},
  organization={ACM}
}

@inproceedings{kahou2013combining,
  title={Combining modality specific deep neural networks for emotion recognition in video},
  author={Kahou, Samira Ebrahimi and Pal, Christopher and Bouthillier, Xavier and Froumenty, Pierre and G{\"u}l{\c{c}}ehre, {\c{C}}aglar and Memisevic, Roland and Vincent, Pascal and Courville, Aaron and Bengio, Yoshua and Ferrari, Raul Chandias and others},
  booktitle={Proceedings of the 15th ACM on International conference on multimodal interaction},
  pages={543--550},
  year={2013},
  organization={ACM}
}

@inproceedings{schuller2012avec,
  title={AVEC 2012: the continuous audio/visual emotion challenge},
  author={Schuller, Bj{\"o}rn and Valster, Michel and Eyben, Florian and Cowie, Roddy and Pantic, Maja},
  booktitle={Proceedings of the 14th ACM international conference on Multimodal interaction},
  pages={449--456},
  year={2012},
  organization={ACM}
}

@inproceedings{schuller2011avec,
  title={Avec 2011--the first international audio/visual emotion challenge},
  author={Schuller, Bj{\"o}rn and Valstar, Michel and Eyben, Florian and McKeown, Gary and Cowie, Roddy and Pantic, Maja},
  booktitle={International Conference on Affective Computing and Intelligent Interaction},
  pages={415--424},
  year={2011},
  organization={Springer}
}

@inproceedings{schroff2015facenet,
  title={Facenet: A unified embedding for face recognition and clustering},
  author={Schroff, Florian and Kalenichenko, Dmitry and Philbin, James},
  booktitle={Proceedings of the IEEE conference on computer vision and pattern recognition},
  pages={815--823},
  year={2015}
}

@inproceedings{taigman2014deepface,
  title={Deepface: Closing the gap to human-level performance in face verification},
  author={Taigman, Yaniv and Yang, Ming and Ranzato, Marc'Aurelio and Wolf, Lior},
  booktitle={Proceedings of the IEEE conference on computer vision and pattern recognition},
  pages={1701--1708},
  year={2014}
}

@inproceedings{baltrusaitis2018openface,
  title={Openface 2.0: Facial behavior analysis toolkit},
  author={Baltrusaitis, Tadas and Zadeh, Amir and Lim, Yao Chong and Morency, Louis-Philippe},
  booktitle={2018 13th IEEE International Conference on Automatic Face \& Gesture Recognition (FG 2018)},
  pages={59--66},
  year={2018},
  organization={IEEE}
}

@inproceedings{baltruvsaitis2016openface,
  title={Openface: an open source facial behavior analysis toolkit},
  author={Baltru{\v{s}}aitis, Tadas and Robinson, Peter and Morency, Louis-Philippe},
  booktitle={2016 IEEE Winter Conference on Applications of Computer Vision (WACV)},
  pages={1--10},
  year={2016},
  organization={IEEE}
}

@inproceedings{yang2016decision,
  title={Decision tree based depression classification from audio video and language information},
  author={Yang, Le and Jiang, Dongmei and He, Lang and Pei, Ercheng and Oveneke, Meshia C{\'e}dric and Sahli, Hichem},
  booktitle={Proceedings of the 6th International Workshop on Audio/Visual Emotion Challenge},
  pages={89--96},
  year={2016},
  organization={ACM}
}

@inproceedings{nasir2016multimodal,
  title={Multimodal and multiresolution depression detection from speech and facial landmark features},
  author={Nasir, Md and Jati, Arindam and Shivakumar, Prashanth Gurunath and Nallan Chakravarthula, Sandeep and Georgiou, Panayiotis},
  booktitle={Proceedings of the 6th International Workshop on Audio/Visual Emotion Challenge},
  pages={43--50},
  year={2016},
  organization={ACM}
}

@article{friedrich1972social,
  title={Social context and semantic feature: The Russian pronominal usage},
  author={Friedrich, Paul},
  journal={Directions in sociolinguistics: The ethnography of communication},
  volume={270},
  pages={287--95},
  year={1972},
  publisher={Basil Blackwell New York}
}

@article{kennedy1983interruptions,
  title={Interruptions and nonverbal gender differences},
  author={Kennedy, Carol W and Camden, Carl},
  journal={Journal of Nonverbal Behavior},
  volume={8},
  number={2},
  pages={91--108},
  year={1983},
  publisher={Springer}
}

@article{konakahara2015analysis,
  title={An analysis overlapping questions in casual ELF conversation: Cooperative or competitive contribution},
  author={Konakahara, Mayu},
  journal={Journal of Pragmatics},
  volume={84},
  pages={37--53},
  year={2015},
  publisher={Elsevier}
}

@article{smith1989interruptions,
  title={Interruptions in group discussions: The effects of gender and group composition},
  author={Smith-Lovin, Lynn and Brody, Charles},
  journal={American Sociological Review},
  pages={424--435},
  year={1989},
  publisher={JSTOR}
}


@Manual{ImageMagick,
title = {ImageMagick-dl},
author = {Cristy,John and Lemstra,Dirk and Randers-Pehrson, Glenn and Roucries, Bastien},
year = {2019},
url = {https://github.com/ImageMagick}
}

@Manual{Taipan,
    title = {taipan: Tool for Annotating Images in Preparation for Analysis},
    author = {Stephanie Kobakian and Mitchell O'Hara-Wild},
    year = {2018},
    note = {R package version 0.1.2},
    url = {https://CRAN.R-project.org/package=taipan},
  }

@Manual{youtube-dl,
title = {youtube-dl},
author = {Hsuan,Yen Chi and Amine, Remita and Sergey, M},
year = {2019},
url = {https://github.com/ytdl-org/youtube-dl/}
}

@Manual{ffmpeg,
title = {ffmpeg},
author = {Bellard,Fabrice},
year = {2019},
url = {https://ffmpeg.org/}
}

