@article{chao2017principal,
  title={Principal component-based weighted indices and a framework to evaluate indices: Results from the Medical Expenditure Panel Survey 1996 to 2011},
  author={Chao, Yi Sheng and Wu, Chao Jung},
  journal={PloS one},
  volume={12},
  number={9},
  pages={e0183997},
  year={2017},
  publisher={Public Library of Science}
}