@Book{bookdown,
    title = {bookdown: Authoring Books and Technical Documents with {R} Markdown},
    author = {Yihui Xie},
    publisher = {Chapman and Hall/CRC},
    address = {Boca Raton, Florida},
    year = {2016},
    note = {ISBN 978-1138700109},
    url = {https://github.com/rstudio/bookdown},
  }

 @Manual{broom,
    title = {broom: Convert Statistical Analysis Objects into Tidy Tibbles},
    author = {David Robinson and Alex Hayes},
    year = {2019},
    note = {R package version 0.5.2},
    url = {https://CRAN.R-project.org/package=broom},
  }

@Manual{arm,
    title = {arm: Data Analysis Using Regression and Multilevel/Hierarchical
Models},
    author = {Andrew Gelman and Yu-Sung Su},
    year = {2018},
    note = {R package version 1.10-1},
    url = {https://CRAN.R-project.org/package=arm},
  }

@Book{car,
    title = {An {R} Companion to Applied Regression},
    edition = {Second},
    author = {John Fox and Sanford Weisberg},
    year = {2011},
    publisher = {Sage},
    address = {Thousand Oaks {CA}},
    url = {http://socserv.socsci.mcmaster.ca/jfox/Books/Companion},
  }
@Manual{emmeans,
    title = {emmeans: Estimated Marginal Means, aka Least-Squares Means},
    author = {Russell Lenth},
    year = {2019},
    note = {R package version 1.4.1},
    url = {https://CRAN.R-project.org/package=emmeans},
  }

@InCollection{knitr,
    booktitle = {Implementing Reproducible Computational Research},
    editor = {Victoria Stodden and Friedrich Leisch and Roger D. Peng},
    title = {knitr: A Comprehensive Tool for Reproducible Research in {R}},
    author = {Yihui Xie},
    publisher = {Chapman and Hall/CRC},
    year = {2014},
    note = {ISBN 978-1466561595},
    url = {http://www.crcpress.com/product/isbn/9781466561595},
  }

 @Manual{tidyverse,
    title = {tidyverse: Easily Install and Load the 'Tidyverse'},
    author = {Hadley Wickham},
    year = {2017},
    note = {R package version 1.2.1},
    url = {https://CRAN.R-project.org/package=tidyverse},
  }

 @Article{forecast,
    title = {Automatic time series forecasting: the forecast package for {R}},
    author = {Rob J Hyndman and Yeasmin Khandakar},
    journal = {Journal of Statistical Software},
    volume = {26},
    number = {3},
    pages = {1--22},
    year = {2008},
    url = {http://www.jstatsoft.org/article/view/v027i03},
  }

@Manual{Rlanguage,
    title = {R: A Language and Environment for Statistical Computing},
    author = {{R Core Team}},
    organization = {R Foundation for Statistical Computing},
    address = {Vienna, Austria},
    year = {2019},
    url = {https://www.R-project.org/},
  }

@Inbook{Neelon2019,
  author="Neelon, Brian
  and O'Malley, Alistair James",
  title="Two-Part Models for Zero-Modified Count and Semicontinuous Data",
  bookTitle="Health Services Evaluation",
  year="2019",
  publisher="Springer US",
  address="New York, NY",
  pages="695--716",
  isbn="978-1-4939-8715-3",
  doi="10.1007/978-1-4939-8715-3_39",
  url="https://doi.org/10.1007/978-1-4939-8715-3_39"
}

@article{twopart2010,
  title = "A flexible two-part random effects model for correlated medical costs",
  journal = "Journal of Health Economics",
  volume = "29",
  number = "1",
  pages = "110 - 123",
  year = "2010",
  issn = "0167-6296",
  doi = "https://doi.org/10.1016/j.jhealeco.2009.11.010",
  url = "http://www.sciencedirect.com/science/article/pii/S0167629609001386",
  author = "Lei Liu and Robert L. Strawderman and Mark E. Cowen and Ya-Chen T. Shih",
}

@article{cragg1971some,
  title={Some statistical models for limited dependent variables with application to the demand for durable goods},
  author={Cragg, John G},
  journal={Econometrica (pre-1986)},
  volume={39},
  number={5},
  pages={829},
  year={1971},
  publisher={Blackwell Publishing Ltd.}
}

@article{manning1981two,
  title={A two-part model of the demand for medical care: preliminary results from the health insurance study},
  author={Manning, Willard G and Morris, Carl N and Newhouse, Joseph P and Orr, Larry L and Duan, Neihua and Keeler, Emmett B and Leibowitz, Arleen and Marquis, Kent H and Marquis, M Susan and Phelps, Charles E},
  journal={Health, economics, and health economics},
  pages={103--123},
  year={1981},
  publisher={North-Holland: Amsterdam}
}

@article{manning1987monte,
  title={Monte Carlo evidence on the choice between sample selection and two-part models},
  author={Manning, Willard G and Duan, Naihua and Rogers, William H},
  journal={Journal of econometrics},
  volume={35},
  number={1},
  pages={59--82},
  year={1987},
  publisher={Elsevier}
}

@article{diehr1999methods,
  title={Methods for analyzing health care utilization and costs},
  author={Diehr, Paula and Yanez, D and Ash, A and Hornbrook, M and Lin, DY},
  journal={Annual review of public health},
  volume={20},
  number={1},
  pages={125--144},
  year={1999},
  publisher={Annual Reviews 4139 El Camino Way, PO Box 10139, Palo Alto, CA 94303-0139, USA}
}

@article{leung1996choice,
  title={On the choice between sample selection and two-part models},
  author={Leung, Siu Fai and Yu, Shihti},
  journal={Journal of econometrics},
  volume={72},
  number={1-2},
  pages={197--229},
  year={1996},
  publisher={Elsevier}
}

@article{duan1984choosing,
  title={Choosing between the sample-selection model and the multi-part model},
  author={Duan, Naihua and Manning, Willard G and Morris, Carl N and Newhouse, Joseph P},
  journal={Journal of Business \& Economic Statistics},
  volume={2},
  number={3},
  pages={283--289},
  year={1984},
  publisher={Taylor \& Francis Group}
}

@book{faraway2016extending,
  title={Extending the linear model with R: generalized linear, mixed effects and nonparametric regression models},
  author={Faraway, Julian J},
  year={2016},
  publisher={Chapman and Hall/CRC}
}


@book{gelman2006data,
  title={Data analysis using regression and multilevel/hierarchical models},
  author={Gelman, Andrew and Hill, Jennifer},
  year={2006},
  publisher={Cambridge university press}
}

@article{Kulik2003,
  author = {Kulik, Carol T. and Perry, Elissa L.and Pepper, Molly B.},
  journal = {Law and Human Behavior},
  title = {Here Comes the Judge: The Influence of Judge Personal Characteristics on Federal Sexual Harassment Case Outcomes},
  year = {2003},
  volume = {27},
  pages = {69--86},
  doi = {10.1023/A:1021678912133},
  url = {https://doi.org/10.1023/A:1021678912133}
}

@article{Peter1984,
 ISSN = {00239216, 15405893},
 URL = {http://www.jstor.org/stable/3053403},
 author = {Peter J. van Koppen and Jan Ten Kate},
 journal = {Law and Society Review},
 number = {2},
 pages = {225--247},
 publisher = {[Wiley, Law and Society Association]},
 title = {Individual Differences in Judicial Behavior: Personal Characteristics and Private Law Decision-Making},
 volume = {18},
 year = {1984}
}

@article{Combining1987,
  title={Judicature},
  author= {Aliotta, Jilda M. },
  title={Combining Judges' Attributes and Case Characteristics: An Alternative Approach to Explaining Supreme Court Decisionmaking },
  journal={Judicature},
  volume={71},
  pages={277},
  year={1987-1988},
}


@article{Steffensmeier2001,
author = {Steffensmeier, Darrell and Britt, Chester L.},
title = {Judges' Race and Judicial Decision Making: Do Black Judges Sentence Differently?},
journal = {Social Science Quarterly},
volume = {82},
number = {4},
pages = {749-764},
doi = {10.1111/0038-4941.00057},
url = {https://onlinelibrary.wiley.com/doi/abs/10.1111/0038-4941.00057},
eprint = {https://onlinelibrary.wiley.com/doi/pdf/10.1111/0038-4941.00057},
year = {2001}
}

@article{Susan1988,
 ISSN = {00925853, 15405907},
 URL = {http://www.jstor.org/stable/2111313},
 author = {Susan Welch and Michael Combs and John Gruhl},
 journal = {American Journal of Political Science},
 number = {1},
 pages = {126--136},
 publisher = {[Midwest Political Science Association, Wiley]},
 title = {Do Black Judges Make a Difference?},
 volume = {32},
 year = {1988}
}


@article{Stuart1962,
author = {Stuart S. Nagel},
title ={Testing Relations Between Judicial Characteristics and Judicial Decision-Making},
journal = {Western Political Quarterly},
volume = {15},
number = {3},
pages = {425-437},
year = {1962},
doi = {10.1177/106591296201500301},
URL = {https://doi.org/10.1177/106591296201500301},
eprint = {https://doi.org/10.1177/106591296201500301}
}


@misc{highcourtau,
  title = {Recent AV recordings},
  url = {http://www.hcourt.gov.au/cases/recent-av-recordings},
  year = {2019},
  note = {Accessed: 2019-05-03},
  author = {High Court of Australia}
}

@book{judicalguid,
  author = {The Council of Chief Justices of Australia and New Zealand},
  title = {Guide to Judicial Conduct},
  year = {2017},
  edition = {3rd},
  publisher = {Melbourne: Austral-asian Institute of Judicial Administration},
}
The Council of Chief Justices of Australia and New Zealand.2017.Guide to Judicial Conduct. 3rd ed. Melbourne: Austral-asian Institute of Judicial Administration.

@article{tutton2018judicial,
  title={Judicial Demeanor: Oral Argument in the High Court of Australia},
  author={Tutton, Jordan and Mack, Kathy and Roach Anleu, Sharyn},
  journal={Justice System Journal},
  volume={39},
  number={3},
  pages={273--299},
  year={2018},
  publisher={Taylor \& Francis}
}

@article{goffman1956nature,
  title={The nature of deference and demeanor},
  author={Goffman, Erving},
  journal={American Anthropologist},
  volume={58},
  number={3},
  pages={473--502},
  year={1956},
  publisher={Wiley Online Library}
}

@article{ekman1991invited,
  title={Invited article: Face, voice, and body in detecting deceit},
  author={Ekman, Paul and O'Sullivan, Maureen and Friesen, Wallace V and Scherer, Klaus R},
  journal={Journal of nonverbal behavior},
  volume={15},
  number={2},
  pages={125--135},
  year={1991},
  publisher={Springer}
}

@techreport{chen2018justice,
  title={Is Justice Really Blind? And Is It Also Deaf},
  author={Chen, Daniel L and Kumar, Manoj and Motwani, Vishal and Yeres, Philip},
  year={2018},
  institution={Technical report}
}


@article{epstein2010inferring,
  title={Inferring the winning party in the Supreme Court from the pattern of questioning at oral argument},
  author={Epstein, Lee and Landes, William M and Posner, Richard A},
  journal={The Journal of Legal Studies},
  volume={39},
  number={2},
  pages={433--467},
  year={2010},
  publisher={University of Chicago Press Chicago, IL}
}

@article{chen2016perceived,
  title={Perceived masculinity predicts us supreme court outcomes},
  author={Chen, Daniel and Halberstam, Yosh and Alan, CL},
  journal={PloS one},
  volume={11},
  number={10},
  pages={e0164324},
  year={2016},
  publisher={Public Library of Science}
}

@article{chen2017covering,
  title={Covering: Mutable characteristics and perceptions of voice in the US Supreme Court},
  author={Chen, Daniel and Halberstam, Yosh and Yu, Alan and others},
  journal={Review of Economic Studies invited to resubmit, TSE Working Paper},
  number={16-680},
  year={2017}
}

@article{schubert1992observing,
  title={Observing Supreme Court oral argument: A biosocial approach},
  author={Schubert, James N and Peterson, Steven A and Schubert, Glendon and Wasby, Stephen},
  journal={Politics and the Life Sciences},
  volume={11},
  number={1},
  pages={35--52},
  year={1992},
  publisher={Cambridge University Press}
}

@article{dietrich2019emotional,
  title={Emotional arousal predicts voting on the US supreme court},
  author={Dietrich, Bryce J and Enos, Ryan D and Sen, Maya},
  journal={Political Analysis},
  volume={27},
  number={2},
  pages={237--243},
  year={2019},
  publisher={Cambridge University Press}
}

@article{black2011emotions,
  title={Emotions, oral arguments, and Supreme Court decision making},
  author={Black, Ryan C and Treul, Sarah A and Johnson, Timothy R and Goldman, Jerry},
  journal={The Journal of Politics},
  volume={73},
  number={2},
  pages={572--581},
  year={2011},
  publisher={Cambridge University Press New York, USA}
}

@article{Shullman2004illusion,
  title={The illusion of devil's advocacy: How the justices of the supreme court foreshadow their decisions during oral argument},
  author={Shullman, S. L.},
  journal={Journal of Appellate Practice and Process 2},
  volume={271},
  number={6},
  year={2004}
}

@article{johnson2009inquiring,
  title={Inquiring minds want to know: Do justices tip their hands with questions at oral argument in the US supreme court},
  author={Johnson, Timothy R and Black, Ryan C and Goldman, Jerry and Treul, Sarah A},
  journal={Washington University Journal of Law and Policy},
  volume={29},
  pages={241},
  year={2009},
  publisher={HeinOnline}
}

@article{Kennedy1983,
  title={Interruptions and nonverbal gender differences},
  author={Kennedy, Carol W and Camden, Carl},
  journal={Journal of Nonverbal Behavior},
  volume={8},
  number={2},
  pages={91--108},
  year={1983},
  publisher={Springer}
}


@article{epstein2010inferring,
  title={Inferring the winning party in the Supreme Court from the pattern of questioning at oral argument},
  author={Epstein, Lee and Landes, William M and Posner, Richard A},
  journal={The Journal of Legal Studies},
  volume={39},
  number={2},
  pages={433--467},
  year={2010},
  publisher={University of Chicago Press Chicago, IL}
}

@article{chen2016perceived,
  title={Perceived masculinity predicts us supreme court outcomes},
  author={Chen, Daniel and Halberstam, Yosh and Alan, CL},
  journal={PloS one},
  volume={11},
  number={10},
  pages={e0164324},
  year={2016},
  publisher={Public Library of Science}
}

@article{ekman1976measuring,
  title={Measuring facial movement},
  author={Ekman, Paul and Friesen, Wallace V},
  journal={Environmental psychology and nonverbal behavior},
  volume={1},
  number={1},
  pages={56--75},
  year={1976},
  publisher={Springer}
}

@misc{paulekmangroup,
  title={Facial Action Coding System},
  url={https://www.paulekman.com/facial-action-coding-system/},
  journal={Paul Ekman Group}
}


@article{ekman2002facial,
  title={Facial action coding system: The manual on CD ROM},
  author={Ekman, Paul and Friesen, Wallace V and Hager, Joseph C},
  journal={A Human Face, Salt Lake City},
  pages={77--254},
  year={2002}
}

@article{lien2000,
title = "Detection, tracking, and classification of action units in facial expression",
journal = "Robotics and Autonomous Systems",
volume = "31",
number = "3",
pages = "131 - 146",
year = "2000",
issn = "0921-8890",
doi = "https://doi.org/10.1016/S0921-8890(99)00103-7",
url = "http://www.sciencedirect.com/science/article/pii/S0921889099001037",
author = "James Jenn-Jier Lien and Takeo Kanade and Jeffrey F. Cohn and Ching-Chung Li",
keywords = "Face expression recognition, Optical flow, High-gradient component detection, Hidden Markov model, Human–computer interaction",
}

@article{huang1997,
title = "Facial Expression Recognition Using Model-Based Feature Extraction and Action Parameters Classification",
journal = "Journal of Visual Communication and Image Representation",
volume = "8",
number = "3",
pages = "278 - 290",
year = "1997",
issn = "1047-3203",
doi = "https://doi.org/10.1006/jvci.1997.0359",
url = "http://www.sciencedirect.com/science/article/pii/S104732039790359X",
author = "Chung-Lin Huang and Yu-Ming Huang",
}

@inproceedings{Cohn2009,
author={J. F. {Cohn} and T. S. {Kruez} and I. {Matthews} and Y. {Yang} and M. H. {Nguyen} and M. T. {Padilla} and F. {Zhou} and F. {De la Torre}},
booktitle={2009 3rd International Conference on Affective Computing and Intelligent Interaction and Workshops},
title={Detecting depression from facial actions and vocal prosody},
year={2009},
pages={1-7},
doi={10.1109/ACII.2009.5349358},
ISSN={},
month={Sep.},}

@article{Tong2007,
author={Y. Tong and W. Liao and Q. Ji},
journal={IEEE Transactions on Pattern Analysis and Machine Intelligence},
title={Facial Action Unit Recognition by Exploiting Their Dynamic and Semantic Relationships},
year={2007},
volume={29},
number={10},
pages={1683-1699},
doi={10.1109/TPAMI.2007.1094},
month={Oct},}

@inproceedings{Lucey2010,
author={P. Lucey and J. F. Cohn and T. Kanade and J. Saragih and Z. Ambadar and I. Matthews},
booktitle={IEEE Computer Society Conference on Computer Vision and Pattern Recognition - Workshops},
title={The Extended Cohn-Kanade Dataset (CK+): A complete dataset for action unit and emotion-specified expression},
year={2010},
pages={94-101}
}

@inproceedings{Kappoor2003,
author={A. Kapoor and Y. Qi and R. W. Picard},
booktitle={IEEE International SOI Conference. Proceedings (Cat. No.03CH37443)},
title={Fully automatic upper facial action recognition},
year={2003},
pages={195-202},
doi={10.1109/AMFG.2003.1240843}
}

@inproceedings{Kobayashi1992,
author={H. Kobayashi and F. Hara},
booktitle={Proceedings IEEE International Workshop on Robot and Human Communication},
title={Recognition of Six basic facial expression and their strength by neural network},
year={1992},
pages={381-386}
}


@book{ekman1978,
  author    = {Ekman, Paul and riesen, Wallace V},
  title     = {Facial action coding system},
  publisher = {CA: Consulting Psychologists Press},
  year      = 1978,
  address   = {Palo Alto}

}

@inproceedings{kovalchik2018going,
  title={Going inside the inner game: Predicting the emotions of professional tennis players from match broadcasts},
  author={Kovalchik, Stephanie and Reid, Machar},
  year={2018},
  organization={MIT Sloan Sports Analytics Conference.}
}



@article{Pan2018,
author = {Pan, Xueni and Hamilton, Antonia F. de C.},
title = {Why and how to use virtual reality to study human social interaction: The challenges of exploring a new research landscape},
journal = {British Journal of Psychology},
volume = {109},
number = {3},
pages = {395-417},
keywords = {virtual reality, psychology, social interaction, virtual humans},
doi = {10.1111/bjop.12290},
url = {https://onlinelibrary.wiley.com/doi/abs/10.1111/bjop.12290},
eprint = {https://onlinelibrary.wiley.com/doi/pdf/10.1111/bjop.12290},
year = {2018}
}


@inproceedings{Nasir2016,
 author = {Nasir, Md and Jati, Arindam and Shivakumar, Prashanth Gurunath and Nallan Chakravarthula, Sandeep and Georgiou, Panayiotis},
 title = {Multimodal and Multiresolution Depression Detection from Speech and Facial Landmark Features},
 booktitle = {Proceedings of the 6th International Workshop on Audio/Visual Emotion Challenge},
 series = {AVEC '16},
 year = {2016},
 isbn = {978-1-4503-4516-3},
 location = {Amsterdam, The Netherlands},
 pages = {43--50},
 numpages = {8},
 url = {http://doi.acm.org/10.1145/2988257.2988261},
 doi = {10.1145/2988257.2988261},
 acmid = {2988261},
 publisher = {ACM},
 address = {New York, NY, USA},
 keywords = {I-vector, behavioral signal processing (BSP), depression, facial landmark, fusion, multimodal signal processing, teager energy operator},
}

@inproceedings{Huber2018,
 author = {Huber, Bernd and McDuff, Daniel and Brockett, Chris and Galley, Michel and Dolan, Bill},
 title = {Emotional Dialogue Generation Using Image-Grounded Language Models},
 booktitle = {Proceedings of the 2018 CHI Conference on Human Factors in Computing Systems},
 series = {CHI '18},
 year = {2018},
 isbn = {978-1-4503-5620-6},
 location = {Montreal QC, Canada},
 pages = {277:1--277:12},
 articleno = {277},
 numpages = {12},
 url = {http://doi.acm.org/10.1145/3173574.3173851},
 doi = {10.1145/3173574.3173851},
 acmid = {3173851},
 publisher = {ACM},
 address = {New York, NY, USA},
 keywords = {computer vision, conversation, conversational agents, dialogue, emotion},
}


@inproceedings{dhall2013emotion,
  title={Emotion recognition in the wild challenge 2013},
  author={Dhall, Abhinav and Goecke, Roland and Joshi, Jyoti and Wagner, Michael and Gedeon, Tom},
  booktitle={Proceedings of the 15th ACM on International conference on multimodal interaction},
  pages={509--516},
  year={2013},
  organization={ACM}
}

@inproceedings{kahou2013combining,
  title={Combining modality specific deep neural networks for emotion recognition in video},
  author={Kahou, Samira Ebrahimi and Pal, Christopher and Bouthillier, Xavier and Froumenty, Pierre and G{\"u}l{\c{c}}ehre, {\c{C}}aglar and Memisevic, Roland and Vincent, Pascal and Courville, Aaron and Bengio, Yoshua and Ferrari, Raul Chandias and others},
  booktitle={Proceedings of the 15th ACM on International conference on multimodal interaction},
  pages={543--550},
  year={2013},
  organization={ACM}
}

@inproceedings{schuller2012avec,
  title={AVEC 2012: the continuous audio/visual emotion challenge},
  author={Schuller, Bj{\"o}rn and Valster, Michel and Eyben, Florian and Cowie, Roddy and Pantic, Maja},
  booktitle={Proceedings of the 14th ACM international conference on Multimodal interaction},
  pages={449--456},
  year={2012},
  organization={ACM}
}

@inproceedings{schuller2011avec,
  title={Avec 2011--the first international audio/visual emotion challenge},
  author={Schuller, Bj{\"o}rn and Valstar, Michel and Eyben, Florian and McKeown, Gary and Cowie, Roddy and Pantic, Maja},
  booktitle={International Conference on Affective Computing and Intelligent Interaction},
  pages={415--424},
  year={2011},
  organization={Springer}
}

@inproceedings{schroff2015facenet,
  title={Facenet: A unified embedding for face recognition and clustering},
  author={Schroff, Florian and Kalenichenko, Dmitry and Philbin, James},
  booktitle={Proceedings of the IEEE conference on computer vision and pattern recognition},
  pages={815--823},
  year={2015}
}

@inproceedings{taigman2014deepface,
  title={Deepface: Closing the gap to human-level performance in face verification},
  author={Taigman, Yaniv and Yang, Ming and Ranzato, Marc'Aurelio and Wolf, Lior},
  booktitle={Proceedings of the IEEE conference on computer vision and pattern recognition},
  pages={1701--1708},
  year={2014}
}

@inproceedings{baltrusaitis2018openface,
  title={Openface 2.0: Facial behavior analysis toolkit},
  author={Baltrusaitis, Tadas and Zadeh, Amir and Lim, Yao Chong and Morency, Louis-Philippe},
  booktitle={2018 13th IEEE International Conference on Automatic Face \& Gesture Recognition (FG 2018)},
  pages={59--66},
  year={2018},
  organization={IEEE}
}

@inproceedings{baltruvsaitis2016openface,
  title={Openface: an open source facial behavior analysis toolkit},
  author={Baltru{\v{s}}aitis, Tadas and Robinson, Peter and Morency, Louis-Philippe},
  booktitle={2016 IEEE Winter Conference on Applications of Computer Vision (WACV)},
  pages={1--10},
  year={2016},
  organization={IEEE}
}

@inproceedings{yang2016decision,
  title={Decision tree based depression classification from audio video and language information},
  author={Yang, Le and Jiang, Dongmei and He, Lang and Pei, Ercheng and Oveneke, Meshia C{\'e}dric and Sahli, Hichem},
  booktitle={Proceedings of the 6th International Workshop on Audio/Visual Emotion Challenge},
  pages={89--96},
  year={2016},
  organization={ACM}
}

@inproceedings{nasir2016multimodal,
  title={Multimodal and multiresolution depression detection from speech and facial landmark features},
  author={Nasir, Md and Jati, Arindam and Shivakumar, Prashanth Gurunath and Nallan Chakravarthula, Sandeep and Georgiou, Panayiotis},
  booktitle={Proceedings of the 6th International Workshop on Audio/Visual Emotion Challenge},
  pages={43--50},
  year={2016},
  organization={ACM}
}

@article{friedrich1972social,
  title={Social context and semantic feature: The Russian pronominal usage},
  author={Friedrich, Paul},
  journal={Directions in sociolinguistics: The ethnography of communication},
  volume={270},
  pages={287--95},
  year={1972},
  publisher={Basil Blackwell New York}
}

@article{kennedy1983interruptions,
  title={Interruptions and nonverbal gender differences},
  author={Kennedy, Carol W and Camden, Carl},
  journal={Journal of Nonverbal Behavior},
  volume={8},
  number={2},
  pages={91--108},
  year={1983},
  publisher={Springer}
}

@article{konakahara2015analysis,
  title={An analysis overlapping questions in casual ELF conversation: Cooperative or competitive contribution},
  author={Konakahara, Mayu},
  journal={Journal of Pragmatics},
  volume={84},
  pages={37--53},
  year={2015},
  publisher={Elsevier}
}

@article{smith1989interruptions,
  title={Interruptions in group discussions: The effects of gender and group composition},
  author={Smith-Lovin, Lynn and Brody, Charles},
  journal={American Sociological Review},
  pages={424--435},
  year={1989},
  publisher={JSTOR}
}


@Manual{ImageMagick,
title = {ImageMagick-dl},
author = {Cristy,John and Lemstra,Dirk and Randers-Pehrson, Glenn and Roucries, Bastien},
year = {2019},
url = {https://github.com/ImageMagick}
}

@Manual{Taipan,
    title = {taipan: Tool for Annotating Images in Preparation for Analysis},
    author = {Stephanie Kobakian and Mitchell O'Hara-Wild},
    year = {2018},
    note = {R package version 0.1.2},
    url = {https://CRAN.R-project.org/package=taipan},
  }

@Manual{youtube-dl,
title = {youtube-dl},
author = {Hsuan,Yen Chi and Amine, Remita and Sergey, M},
year = {2019},
url = {https://github.com/ytdl-org/youtube-dl/}
}

@Manual{ffmpeg,
title = {ffmpeg},
author = {Bellard,Fabrice},
year = {2019},
url = {https://ffmpeg.org/}
}

